@online{binder,
  author = {Binder},
  title = {mybinder.org},
  year = 2016,
  url = {http://mybinder.org/},
  urldate = {2017-01-02}
}

@online{rescience,
  author = {ReScience},
  title = {{The ReScience Journal}},
  year = 2015,
  url = {http://rescience.github.io/},
  urldate = {2017-01-02}
}

@online{github,
  author = {GitHub},
  title = {{GitHub}},
  year = 2007,
  url = {http://github.com/},
  urldate = {2017-01-02}
}

@online{osf,
  author = {{Open Science Framework}},
  title = {{OSF}},
  year = 2011,
  url = {http://osf.io/},
  urldate = {2017-01-02}
}
